<record><leader>00000cas a2200000Ia 4500</leader><controlfield tag="001">19969692</controlfield><controlfield tag="008">890706c18989999sduwr n       0    0eng d</controlfield><datafield ind1=" " ind2=" " tag="010"><subfield code="a">sn 99062037 </subfield></datafield><datafield ind1=" " ind2=" " tag="040"><subfield code="a">USD</subfield><subfield code="b">eng</subfield><subfield code="c">USD</subfield><subfield code="d">SXN</subfield><subfield code="d">OCLCQ</subfield></datafield><datafield ind1=" " ind2=" " tag="037"><subfield code="b">The Beresford Republic, 106 South Third St., Beresford, S.D. 57004</subfield></datafield><datafield ind1=" " ind2=" " tag="043"><subfield code="a">n-us-sd</subfield></datafield><datafield ind1="0" ind2="0" tag="245"><subfield code="a">Beresford Republic.</subfield></datafield><datafield ind1=" " ind2=" " tag="260"><subfield code="a">Beresford, S.D. :</subfield><subfield code="b">H.H. Sturges</subfield></datafield><datafield ind1=" " ind2=" " tag="300"><subfield code="a">v.</subfield></datafield><datafield ind1=" " ind2=" " tag="310"><subfield code="a">Weekly</subfield></datafield><datafield ind1="0" ind2=" " tag="362"><subfield code="a">Vol. 4, no. 23 (Jan. 7, 1898)-</subfield></datafield><datafield ind1=" " ind2=" " tag="530"><subfield code="a">Available on microfilm from: State Archives, South Dakota State Historical Society.</subfield></datafield><datafield ind1=" " ind2="0" tag="651"><subfield code="a">Beresford (S.D.)</subfield><subfield code="v">Newspapers.</subfield></datafield><datafield ind1=" " ind2="0" tag="651"><subfield code="a">Union County (S.D.)</subfield><subfield code="v">Newspapers.</subfield></datafield><datafield ind1=" " ind2=" " tag="752"><subfield code="a">United States</subfield><subfield code="b">South Dakota</subfield><subfield code="c">Union</subfield><subfield code="d">Beresford.</subfield></datafield><datafield ind1="0" ind2="0" tag="780"><subfield code="t">Union County republic</subfield><subfield code="w">(DLC)sn 99062036</subfield></datafield></record>